@misc{epuck,
  AUTHOR = "Mondada F.{,} Bonani M.{,} Raemy X., Pugh J.{,} Cianci C.{,} Klaptocz A.{,} Magnenat S.{,} Zufferey J.-C.{,} Floreano D. and Martinoli, A",
  TITLE = "The e-puck, a Robot Designed for Education in Engineering",
  howpublished = "\url{http://http://www.e-puck.org}",
  YEAR = 2016
}

@misc{RIA,
	AUTHOR = "Robotics Industries Association",
	howpublished = "\url{http://www.robotics.org/}",
	YEAR = 2016
}

@misc{RIAdefinition,
	AUTHOR = "INC.",
	TITLE = "Robotics",
	howpublished = "\url{http://www.inc.com/encyclopedia/robotics.html}",
	YEAR = 2016
}

@misc{BehaviourDef,
	AUTHOR = "Dr. Q. Meng",
	TITLE = "Behaviour Based Robotics Lecture Slides",
	YEAR = 2016
}

@misc{skinDetection,
	AUTHOR = "V. A. OLIVEIRA{,} A. CONCI",
	TITLE = "Skin Detection using HSV color space",
	YEAR = 2008
}